<?xml version="1.0" encoding="UTF-8"?>
<record xmlns="http://www.loc.gov/MARC21/slim">
  <leader>03227ntm a22003977a 4500</leader>
  <controlfield tag="001">3552840</controlfield>
  <controlfield tag="005">20100616220900.0</controlfield>
  <controlfield tag="008">090115s1841    xx            000 i eng d</controlfield>
  <datafield tag="033" ind1="0" ind2="0">
    <subfield code="a">18410708</subfield>
  </datafield>
  <datafield tag="035" ind1=" " ind2=" ">
    <subfield code="a">3552840</subfield>
  </datafield>
  <datafield tag="040" ind1=" " ind2=" ">
    <subfield code="a">BRL</subfield>
  </datafield>
  <datafield tag="099" ind1=" " ind2=" ">
    <subfield code="a">Ms.A.9.2 v.8, p.20</subfield>
  </datafield>
  <datafield tag="100" ind1="1" ind2=" ">
    <subfield code="a">Mott, Lucretia,</subfield>
    <subfield code="d">1793-1880.</subfield>
  </datafield>
  <datafield tag="245" ind1="1" ind2="0">
    <subfield code="a">[Letter to] My dear Anne Warren Weston</subfield>
    <subfield code="h">[manuscript].</subfield>
  </datafield>
  <datafield tag="260" ind1=" " ind2=" ">
    <subfield code="a">Philad[elphi]a, [Penn.],</subfield>
    <subfield code="c">7 mo[nth] 8th [day] 1841.</subfield>
  </datafield>
  <datafield tag="300" ind1=" " ind2=" ">
    <subfield code="a">1 leaf (4 p.) ;</subfield>
    <subfield code="c">9 3/4 x 7 7/8 in.</subfield>
  </datafield>
  <datafield tag="500" ind1=" " ind2=" ">
    <subfield code="a">Holograph, signed.</subfield>
  </datafield>
  <datafield tag="500" ind1=" " ind2=" ">
    <subfield code="a">With the help of Sarah Pugh, Lucretia Mott has obtained the desired copy of the letter, sent herewith (and copied in this manuscript). Lucretia Mott hopes that Mary [Grew] &quot;will not be new-organized by her intimacy with those of that class with you. She is now in Boston. We regard her as on of our most valuable Anti-Slavery laborers, ...&quot; Mary Grew is &quot;advancing in her views of woman&apos;s &apos;appropriate sphere.&apos;&quot; Lucretia Mott rejoices that Mrs. Lydia Maria Child &quot;is doing so much for the cause &amp; for woman by acquitting herself so nobly in the Editorial chair.&quot; William Henry Furness says the Standard is becoming one of the best papers in the country. James Sloan Gibbons recently showed Lucretia Mott a letter he received from Maria Weston Chapman; Lucretia Mott sympathizes with the Chapmans in &quot;the loss of their little Gertrud,&quot; and hopes for news of their return from Haiti with Henry Grafton Chapman&apos;s health restored. Lucretia Mott is forwarding a copy of her husband&apos;s &quot;Three Months in Great Britain.&quot;</subfield>
  </datafield>
  <datafield tag="500" ind1=" " ind2=" ">
    <subfield code="a">On page three of this manuscript, there is a &quot;True Copy&quot; of a letter by Melania Ammidon to the [Philadelphia Female Anti-Slavery Society?], April 15th, 1836. This letter was presumably copied by Lucretia Mott. Melania Ammidon sends the friendly regards of the Boston Female Anti-Slavery Society, dwelling on their joint labors in &quot;our holy cause.&quot; A letter by the Philadelphia Female Anti-Slavery Society was presented at the last quarterly meeting of the Boston Female Anti-Slavery Society and a vote was taken on the propriety of sending delegates to the American Society. Melania Ammidon analyzes the vote and explains that &quot;we are ourselves anxiliary to neither society.&quot; She mentions the proposed plan of supporting an agent for Suffolk and Norfolk counties.</subfield>
  </datafield>
  <datafield tag="600" ind1="1" ind2="0">
    <subfield code="a">Weston, Anne Warren,</subfield>
    <subfield code="d">1812-1890</subfield>
    <subfield code="v">Correspondence.</subfield>
  </datafield>
  <datafield tag="600" ind1="1" ind2="0">
    <subfield code="a">Mott, Lucretia,</subfield>
    <subfield code="d">1793-1880</subfield>
    <subfield code="v">Correspondence.</subfield>
  </datafield>
  <datafield tag="600" ind1="1" ind2="0">
    <subfield code="a">Ammidon, Melania</subfield>
    <subfield code="v">Correspondence.</subfield>
  </datafield>
  <datafield tag="600" ind1="1" ind2="0">
    <subfield code="a">Chapman, Henry Grafton,</subfield>
    <subfield code="d">1804-1842.</subfield>
  </datafield>
  <datafield tag="600" ind1="1" ind2="0">
    <subfield code="a">Child,</subfield>
    <subfield code="c">Mrs.</subfield>
    <subfield code="q">(Lydia Maria),</subfield>
    <subfield code="d">1802-1880.</subfield>
  </datafield>
  <datafield tag="600" ind1="1" ind2="0">
    <subfield code="a">Furness, William Henry,</subfield>
    <subfield code="d">1802-1896.</subfield>
  </datafield>
  <datafield tag="600" ind1="1" ind2="0">
    <subfield code="a">Grew, Mary,</subfield>
    <subfield code="d">1813-1896.</subfield>
  </datafield>
  <datafield tag="610" ind1="2" ind2="0">
    <subfield code="a">Philadelphia Female Anti-slavery Society</subfield>
    <subfield code="v">Correspondence.</subfield>
  </datafield>
  <datafield tag="610" ind1="2" ind2="0">
    <subfield code="a">Boston Female Anti-slavery Society.</subfield>
  </datafield>
  <datafield tag="630" ind1="0" ind2="0">
    <subfield code="a">National anti-slavery standard.</subfield>
  </datafield>
  <datafield tag="650" ind1=" " ind2="0">
    <subfield code="a">Antislavery movements</subfield>
    <subfield code="z">United States</subfield>
    <subfield code="x">History</subfield>
    <subfield code="y">19th century.</subfield>
  </datafield>
  <datafield tag="650" ind1=" " ind2="0">
    <subfield code="a">Women abolitionists</subfield>
    <subfield code="z">Massachusetts</subfield>
    <subfield code="z">Boston</subfield>
    <subfield code="y">19th century</subfield>
    <subfield code="v">Correspondence.</subfield>
  </datafield>
  <datafield tag="655" ind1=" " ind2="0">
    <subfield code="a">Letters.</subfield>
  </datafield>
  <datafield tag="655" ind1=" " ind2="0">
    <subfield code="a">Manuscripts.</subfield>
  </datafield>
  <datafield tag="700" ind1="1" ind2=" ">
    <subfield code="a">Weston, Anne Warren,</subfield>
    <subfield code="d">1812-1890,</subfield>
    <subfield code="e">recipient.</subfield>
  </datafield>
  <datafield tag="830" ind1=" " ind2="0">
    <subfield code="a">Anne Warren Weston Correspondence (1834-1886)</subfield>
  </datafield>
  <datafield tag="999" ind1=" " ind2=" ">
    <subfield code="a">shots: 4</subfield>
  </datafield>
</record>
